<record><leader>00000cas a22000001a 4500</leader><controlfield tag="001">32865211</controlfield><controlfield tag="007">hd afb---baca</controlfield><controlfield tag="007">hd bfb---baaa</controlfield><controlfield tag="008">950724u1874uuuuohuwr nea     0   a0eng  </controlfield><datafield ind1=" " ind2=" " tag="010"><subfield code="a">sn 94086586 </subfield></datafield><datafield ind1=" " ind2=" " tag="040"><subfield code="a">DLC</subfield><subfield code="b">eng</subfield><subfield code="c">RQM</subfield><subfield code="d">DLC</subfield><subfield code="d">OCLCQ</subfield><subfield code="d">OCLCF</subfield><subfield code="d">OCLCO</subfield></datafield><datafield ind1=" " ind2=" " tag="012"><subfield code="z">d</subfield></datafield><datafield ind1=" " ind2=" " tag="037"><subfield code="b">906 Main Street, Cincinnati, Ohio 45202</subfield></datafield><datafield ind1=" " ind2=" " tag="043"><subfield code="a">n-us-oh</subfield></datafield><datafield ind1="0" ind2=" " tag="130"><subfield code="a">American Israelite (Cincinnati, Ohio : 1874)</subfield></datafield><datafield ind1="1" ind2="4" tag="245"><subfield code="a">The American Israelite</subfield><subfield code="h">[microform].</subfield></datafield><datafield ind1=" " ind2=" " tag="260"><subfield code="a">Cincinnati, Ohio :</subfield><subfield code="b">Isaac M. Wise,</subfield><subfield code="c">1874-</subfield></datafield><datafield ind1=" " ind2=" " tag="300"><subfield code="a">v. :</subfield><subfield code="b">ill. ;</subfield><subfield code="c">40-60 cm.</subfield></datafield><datafield ind1=" " ind2=" " tag="310"><subfield code="a">Weekly</subfield></datafield><datafield ind1="0" ind2=" " tag="362"><subfield code="a">Vol. 23, whole no. 1041 (July 3, 1874)-</subfield></datafield><datafield ind1=" " ind2=" " tag="515"><subfield code="a">Issues for 1874-1879 called also new ser., v. 1-new ser., v. 11.</subfield></datafield><datafield ind1=" " ind2=" " tag="533"><subfield code="a">Microfilm.</subfield><subfield code="m">v.93 (1946)</subfield><subfield code="b">Washington, D.C. :</subfield><subfield code="c">Library of Congress Preservation Microfilming Program :</subfield><subfield code="c">Available from Library of Congress Photoduplication Service.</subfield><subfield code="e">microfilm reels ; 35 mm.</subfield></datafield><datafield ind1=" " ind2="0" tag="650"><subfield code="a">Jewish newspapers</subfield><subfield code="z">Ohio.</subfield></datafield><datafield ind1=" " ind2="0" tag="651"><subfield code="a">Cincinnati (Ohio)</subfield><subfield code="v">Newspapers.</subfield></datafield><datafield ind1=" " ind2="7" tag="655"><subfield code="a">Newspapers.</subfield><subfield code="2">fast</subfield><subfield code="0">(OCoLC)fst01423814</subfield></datafield><datafield ind1=" " ind2="7" tag="650"><subfield code="a">Jewish newspapers.</subfield><subfield code="2">fast</subfield><subfield code="0">(OCoLC)fst00982872</subfield></datafield><datafield ind1=" " ind2="7" tag="651"><subfield code="a">Ohio.</subfield><subfield code="2">fast</subfield><subfield code="0">(OCoLC)fst01205075</subfield></datafield><datafield ind1=" " ind2="7" tag="651"><subfield code="a">Ohio</subfield><subfield code="z">Cincinnati.</subfield><subfield code="2">fast</subfield><subfield code="0">(OCoLC)fst01205142</subfield></datafield><datafield ind1=" " ind2=" " tag="752"><subfield code="a">United States</subfield><subfield code="b">Ohio</subfield><subfield code="c">Hamilton</subfield><subfield code="d">Cincinnati.</subfield></datafield><datafield ind1="0" ind2=" " tag="770"><subfield code="t">Deborah</subfield></datafield><datafield ind1="1" ind2=" " tag="776"><subfield code="c">Original</subfield><subfield code="w">(DLC)sn 85025894</subfield></datafield><datafield ind1="0" ind2="0" tag="780"><subfield code="t">Israelite (Cincinnati, Ohio : 1854)</subfield></datafield><datafield ind1="0" ind2="5" tag="780"><subfield code="t">Jewish tribune (Saint Louis, Mo.)</subfield></datafield><datafield ind1="0" ind2="5" tag="780"><subfield code="t">Jewish outlook (Denver, Colo.)</subfield></datafield><datafield ind1=" " ind2=" " tag="850"><subfield code="a">DLC</subfield><subfield code="a">DLC (master)</subfield></datafield><datafield ind1=" " ind2=" " tag="936"><subfield code="a">RECORD REPORTED FOR DELETION--SEE # 9936176</subfield></datafield></record>